<record><leader>00000cas a22000007a 4500</leader><controlfield tag="001">16364925</controlfield><controlfield tag="008">870803d19071918inudr ne      0    0ger d</controlfield><datafield ind1=" " ind2=" " tag="010"><subfield code="a">sn 87056557 </subfield></datafield><datafield ind1=" " ind2=" " tag="040"><subfield code="a">NPI</subfield><subfield code="b">eng</subfield><subfield code="c">NPI</subfield><subfield code="d">OCLCQ</subfield><subfield code="d">OCLCF</subfield><subfield code="d">DLC</subfield><subfield code="d">OCLCO</subfield></datafield><datafield ind1="1" ind2=" " tag="029"><subfield code="a">AU@</subfield><subfield code="b">000025828203</subfield></datafield><datafield ind1=" " ind2=" " tag="042"><subfield code="a">msc</subfield></datafield><datafield ind1=" " ind2=" " tag="043"><subfield code="a">n-us-in</subfield></datafield><datafield ind1="0" ind2="0" tag="245"><subfield code="a">Telegraph und Tribu&#776;ne.</subfield></datafield><datafield ind1="3" ind2="0" tag="246"><subfield code="a">Spottvogel</subfield></datafield><datafield ind1=" " ind2=" " tag="260"><subfield code="a">Indianapolis, Ind. :</subfield><subfield code="b">Gutenberg Co.,</subfield><subfield code="c">1907-1918.</subfield></datafield><datafield ind1=" " ind2=" " tag="310"><subfield code="a">Daily</subfield></datafield><datafield ind1="0" ind2=" " tag="362"><subfield code="a">Jahrg. 42, no. 181 (4 Ma&#776;rz 1907)-Jahrg. 53, Nr. 130 (1 Juni 1918).</subfield></datafield><datafield ind1=" " ind2=" " tag="500"><subfield code="a">On Sunday published as: Spottvogel.</subfield></datafield><datafield ind1=" " ind2=" " tag="580"><subfield code="a">Also published in a weekly ed. called: Indiana Volksblatt und wo&#776;chentlicher Telegraph.</subfield></datafield><datafield ind1=" " ind2=" " tag="580"><subfield code="a">Merger of: Ta&#776;glicher Telegraph; and: Indiana Tribu&#776;ne, and continues the numbering of the former.</subfield></datafield><datafield ind1=" " ind2="0" tag="650"><subfield code="a">Germans</subfield><subfield code="z">Indiana</subfield><subfield code="v">Newspapers.</subfield></datafield><datafield ind1=" " ind2="7" tag="650"><subfield code="a">Germans.</subfield><subfield code="2">fast</subfield><subfield code="0">(OCoLC)fst00942100</subfield></datafield><datafield ind1=" " ind2="7" tag="651"><subfield code="a">Indiana.</subfield><subfield code="2">fast</subfield><subfield code="0">(OCoLC)fst01204604</subfield></datafield><datafield ind1=" " ind2="7" tag="655"><subfield code="a">Newspapers.</subfield><subfield code="2">fast</subfield><subfield code="0">(OCoLC)fst01423814</subfield></datafield><datafield ind1=" " ind2=" " tag="752"><subfield code="a">United States</subfield><subfield code="b">Indiana</subfield><subfield code="c">Marion</subfield><subfield code="d">Indianapolis.</subfield></datafield><datafield ind1="1" ind2=" " tag="775"><subfield code="t">Indiana Volksblatt und wo&#776;chentlicher Telegraph</subfield><subfield code="w">(DLC)sn 84023952</subfield></datafield><datafield ind1="1" ind2="4" tag="780"><subfield code="t">Ta&#776;glicher Telegraph</subfield><subfield code="w">(DLC)sn 84027415</subfield></datafield><datafield ind1="1" ind2="4" tag="780"><subfield code="t">Indiana Tribu&#776;ne</subfield><subfield code="x">2375-3013</subfield><subfield code="w">(DLC)sn 83045241</subfield><subfield code="w">(OCoLC)9366315</subfield></datafield></record>